<collection xmlns="http://www.loc.gov/MARC21/slim">
<record>
  <leader>01225nam0a22002291i 450 </leader>
  <controlfield tag="001">IT\ICCU\CNCE\078701</controlfield>
  <controlfield tag="005">20190412000000.0</controlfield>
  <datafield tag="012" ind1=" " ind2=" ">
    <subfield code="a">tohe e:r- iohe pls&apos; (3) 1555 (R)</subfield>
    <subfield code="2">fei</subfield>
  </datafield>
  <datafield tag="100" ind1=" " ind2=" ">
    <subfield code="a">20140827d1555        0itac0103    ba</subfield>
  </datafield>
  <datafield tag="101" ind1=" " ind2=" ">
    <subfield code="a">FRE</subfield>
    <subfield code="a">ITA</subfield>
  </datafield>
  <datafield tag="102" ind1=" " ind2=" ">
    <subfield code="a">FR</subfield>
  </datafield>
  <datafield tag="200" ind1="1" ind2=" ">
    <subfield code="a">Tresor de vertu, ou sont contenues toutes les plus nobles, &amp; excellentes sentences, &amp; enseignements de tous les premiers auteurs Hebreux, Grecz, &amp; Latins, pour induire vn chacun  ̉bien &amp; honnestement viure. Thesoro di vertu doue sono tutte le pi ̮nobili, &amp; excellenti sentenze &amp; documenti di tutti i primi auttori hebrei, greci &amp; latini, che possino indurre all&apos;buono &amp; honesto viuere</subfield>
  </datafield>
  <datafield tag="210" ind1=" " ind2=" ">
    <subfield code="a">A Lyon</subfield>
    <subfield code="c">par Iean Temporal</subfield>
    <subfield code="d">1555</subfield>
    <subfield code="e">Imprim ̈ ̉Lyon</subfield>
    <subfield code="g">chez Iaques Faure</subfield>
  </datafield>
  <datafield tag="215" ind1=" " ind2=" ">
    <subfield code="a">285, \3! p.</subfield>
    <subfield code="d">16ʻ</subfield>
  </datafield>
  <datafield tag="620" ind1=" " ind2=" ">
    <subfield code="a">FR</subfield>
    <subfield code="d">Lione</subfield>
  </datafield>
  <datafield tag="700" ind1=" " ind2="1">
    <subfield code="a">Trďȟan,</subfield>
    <subfield code="b">Pierre</subfield>
    <subfield code="3">IT\ICCU\CNCA\013382</subfield>
  </datafield>
  <datafield tag="712" ind1="0" ind2="0">
    <subfield code="a">Temporal, Jean</subfield>
    <subfield code="3">IT\ICCU\CNCT\003435</subfield>
    <subfield code="4">650</subfield>
  </datafield>
  <datafield tag="712" ind1="0" ind2="0">
    <subfield code="a">Faure, Jacques</subfield>
    <subfield code="3">IT\ICCU\CNCT\000750</subfield>
    <subfield code="4">650</subfield>
  </datafield>
  <datafield tag="791" ind1="0" ind2="0">
    <subfield code="a">Fabro, Iacopo</subfield>
    <subfield code="3">IT\ICCU\CNCT\003796</subfield>
    <subfield code="z">Faure, Jacques</subfield>
  </datafield>
  <datafield tag="791" ind1="0" ind2="0">
    <subfield code="a">Faber, Jacobus</subfield>
    <subfield code="3">IT\ICCU\CNCT\005482</subfield>
    <subfield code="z">Faure, Jacques</subfield>
  </datafield>
  <datafield tag="801" ind1=" " ind2="3">
    <subfield code="a">IT</subfield>
    <subfield code="b">ICCU</subfield>
    <subfield code="c">20201115</subfield>
  </datafield>
  <datafield tag="899" ind1=" " ind2=" ">
    <subfield code="a">Biblioteca Norberto Bobbio dell&apos;Universit ̉degli Studi di Torino. Torino</subfield>
    <subfield code="1">TO1203</subfield>
    <subfield code="2">UTO BB</subfield>
  </datafield>
</record>
</collection>
